%YAML 1.1
%TAG !u! tag:unity3d.com,2011:
--- !u!1 &1592617406871761339
GameObject:
  m_ObjectHideFlags: 0
  m_CorrespondingSourceObject: {fileID: 0}
  m_PrefabInstance: {fileID: 0}
  m_PrefabAsset: {fileID: 0}
  serializedVersion: 6
  m_Component:
  - component: {fileID: 2242582055055826822}
  - component: {fileID: 4517604822118800911}
  - component: {fileID: 1203031747364053961}
  m_Layer: 0
  m_Name: 1_BOMB
  m_TagString: Untagged
  m_Icon: {fileID: 0}
  m_NavMeshLayer: 0
  m_StaticEditorFlags: 0
  m_IsActive: 1
--- !u!4 &2242582055055826822
Transform:
  m_ObjectHideFlags: 0
  m_CorrespondingSourceObject: {fileID: 0}
  m_PrefabInstance: {fileID: 0}
  m_PrefabAsset: {fileID: 0}
  m_GameObject: {fileID: 1592617406871761339}
  m_LocalRotation: {x: 0, y: 0, z: 0, w: 1}
  m_LocalPosition: {x: 0, y: 0, z: 0}
  m_LocalScale: {x: 1, y: 1, z: 1}
  m_ConstrainProportionsScale: 0
  m_Children:
  - {fileID: 3351171353039428539}
  - {fileID: 3351171352731097233}
  m_Father: {fileID: 0}
  m_RootOrder: 0
  m_LocalEulerAnglesHint: {x: 0, y: 0, z: 0}
--- !u!114 &4517604822118800911
MonoBehaviour:
  m_ObjectHideFlags: 0
  m_CorrespondingSourceObject: {fileID: 0}
  m_PrefabInstance: {fileID: 0}
  m_PrefabAsset: {fileID: 0}
  m_GameObject: {fileID: 1592617406871761339}
  m_Enabled: 1
  m_EditorHideFlags: 0
  m_Script: {fileID: 11500000, guid: 3728cb4a86c645e29971bb8751e04520, type: 3}
  m_Name: 
  m_EditorClassIdentifier: 
--- !u!82 &1203031747364053961
AudioSource:
  m_ObjectHideFlags: 0
  m_CorrespondingSourceObject: {fileID: 0}
  m_PrefabInstance: {fileID: 0}
  m_PrefabAsset: {fileID: 0}
  m_GameObject: {fileID: 1592617406871761339}
  m_Enabled: 1
  serializedVersion: 4
  OutputAudioMixerGroup: {fileID: 0}
  m_audioClip: {fileID: 8300000, guid: 0920631fb4c76044c987e88b4194ced7, type: 3}
  m_PlayOnAwake: 1
  m_Volume: 1
  m_Pitch: 1
  Loop: 1
  Mute: 0
  Spatialize: 0
  SpatializePostEffects: 0
  Priority: 128
  DopplerLevel: 1
  MinDistance: 1
  MaxDistance: 500
  Pan2D: 0
  rolloffMode: 0
  BypassEffects: 0
  BypassListenerEffects: 0
  BypassReverbZones: 0
  rolloffCustomCurve:
    serializedVersion: 2
    m_Curve:
    - serializedVersion: 3
      time: 0
      value: 1
      inSlope: 0
      outSlope: 0
      tangentMode: 0
      weightedMode: 0
      inWeight: 0.33333334
      outWeight: 0.33333334
    - serializedVersion: 3
      time: 1
      value: 0
      inSlope: 0
      outSlope: 0
      tangentMode: 0
      weightedMode: 0
      inWeight: 0.33333334
      outWeight: 0.33333334
    m_PreInfinity: 2
    m_PostInfinity: 2
    m_RotationOrder: 4
  panLevelCustomCurve:
    serializedVersion: 2
    m_Curve:
    - serializedVersion: 3
      time: 0
      value: 1
      inSlope: 0
      outSlope: 0
      tangentMode: 0
      weightedMode: 0
      inWeight: 0.33333334
      outWeight: 0.33333334
    m_PreInfinity: 2
    m_PostInfinity: 2
    m_RotationOrder: 4
  spreadCustomCurve:
    serializedVersion: 2
    m_Curve:
    - serializedVersion: 3
      time: 0
      value: 0
      inSlope: 0
      outSlope: 0
      tangentMode: 0
      weightedMode: 0
      inWeight: 0.33333334
      outWeight: 0.33333334
    m_PreInfinity: 2
    m_PostInfinity: 2
    m_RotationOrder: 4
  reverbZoneMixCustomCurve:
    serializedVersion: 2
    m_Curve:
    - serializedVersion: 3
      time: 0
      value: 1
      inSlope: 0
      outSlope: 0
      tangentMode: 0
      weightedMode: 0
      inWeight: 0.33333334
      outWeight: 0.33333334
    m_PreInfinity: 2
    m_PostInfinity: 2
    m_RotationOrder: 4
--- !u!1 &3351171352731097234
GameObject:
  m_ObjectHideFlags: 0
  m_CorrespondingSourceObject: {fileID: 0}
  m_PrefabInstance: {fileID: 0}
  m_PrefabAsset: {fileID: 0}
  serializedVersion: 6
  m_Component:
  - component: {fileID: 3351171352731097233}
  m_Layer: 0
  m_Name: Visual Effect
  m_TagString: Untagged
  m_Icon: {fileID: 0}
  m_NavMeshLayer: 0
  m_StaticEditorFlags: 0
  m_IsActive: 1
--- !u!4 &3351171352731097233
Transform:
  m_ObjectHideFlags: 0
  m_CorrespondingSourceObject: {fileID: 0}
  m_PrefabInstance: {fileID: 0}
  m_PrefabAsset: {fileID: 0}
  m_GameObject: {fileID: 3351171352731097234}
  m_LocalRotation: {x: -0.027549474, y: 0.014703315, z: -0.13198848, w: 0.99075925}
  m_LocalPosition: {x: 0.05117371, y: 0.70767933, z: 0.018981153}
  m_LocalScale: {x: 1, y: 1, z: 1}
  m_ConstrainProportionsScale: 0
  m_Children:
  - {fileID: 3351171353802631330}
  m_Father: {fileID: 2242582055055826822}
  m_RootOrder: -1
  m_LocalEulerAnglesHint: {x: -2.907, y: 2.089, z: -15.229}
--- !u!1 &3351171353039428484
GameObject:
  m_ObjectHideFlags: 0
  m_CorrespondingSourceObject: {fileID: 0}
  m_PrefabInstance: {fileID: 0}
  m_PrefabAsset: {fileID: 0}
  serializedVersion: 6
  m_Component:
  - component: {fileID: 3351171353039428539}
  m_Layer: 0
  m_Name: Bomb
  m_TagString: Untagged
  m_Icon: {fileID: 0}
  m_NavMeshLayer: 0
  m_StaticEditorFlags: 0
  m_IsActive: 1
--- !u!4 &3351171353039428539
Transform:
  m_ObjectHideFlags: 0
  m_CorrespondingSourceObject: {fileID: 0}
  m_PrefabInstance: {fileID: 0}
  m_PrefabAsset: {fileID: 0}
  m_GameObject: {fileID: 3351171353039428484}
  m_LocalRotation: {x: 0, y: 0, z: 0, w: 1}
  m_LocalPosition: {x: 0, y: 0.2, z: 0}
  m_LocalScale: {x: 1, y: 1, z: 1}
  m_ConstrainProportionsScale: 0
  m_Children:
  - {fileID: 2957591627559306922}
  m_Father: {fileID: 2242582055055826822}
  m_RootOrder: 2
  m_LocalEulerAnglesHint: {x: 0, y: 0, z: 0}
--- !u!1 &3351171353802631331
GameObject:
  m_ObjectHideFlags: 0
  m_CorrespondingSourceObject: {fileID: 0}
  m_PrefabInstance: {fileID: 0}
  m_PrefabAsset: {fileID: 0}
  serializedVersion: 6
  m_Component:
  - component: {fileID: 3351171353802631330}
  - component: {fileID: 3351171353802631328}
  - component: {fileID: 3351171353802631329}
  m_Layer: 0
  m_Name: FireSparkVFX
  m_TagString: Untagged
  m_Icon: {fileID: 0}
  m_NavMeshLayer: 0
  m_StaticEditorFlags: 0
  m_IsActive: 1
--- !u!4 &3351171353802631330
Transform:
  m_ObjectHideFlags: 0
  m_CorrespondingSourceObject: {fileID: 0}
  m_PrefabInstance: {fileID: 0}
  m_PrefabAsset: {fileID: 0}
  m_GameObject: {fileID: 3351171353802631331}
  m_LocalRotation: {x: 0, y: 0, z: 0, w: 1}
  m_LocalPosition: {x: 0, y: 0, z: 0}
  m_LocalScale: {x: 1, y: 1, z: 1}
  m_ConstrainProportionsScale: 0
  m_Children: []
  m_Father: {fileID: 3351171352731097233}
  m_RootOrder: -1
  m_LocalEulerAnglesHint: {x: 0, y: 0, z: 0}
--- !u!2083052967 &3351171353802631328
VisualEffect:
  m_ObjectHideFlags: 0
  m_CorrespondingSourceObject: {fileID: 0}
  m_PrefabInstance: {fileID: 0}
  m_PrefabAsset: {fileID: 0}
  m_GameObject: {fileID: 3351171353802631331}
  m_Enabled: 1
  m_Asset: {fileID: 8926484042661614526, guid: df5d356b8cbdf7a4cb1ff7041a06a00f, type: 3}
  m_InitialEventName: OnPlay
  m_InitialEventNameOverriden: 0
  m_StartSeed: 0
  m_ResetSeedOnPlay: 1
  m_ResourceVersion: 1
  m_PropertySheet:
    m_Float:
      m_Array: []
    m_Vector2f:
      m_Array: []
    m_Vector3f:
      m_Array: []
    m_Vector4f:
      m_Array: []
    m_Uint:
      m_Array: []
    m_Int:
      m_Array: []
    m_Matrix4x4f:
      m_Array: []
    m_AnimationCurve:
      m_Array: []
    m_Gradient:
      m_Array: []
    m_NamedObject:
      m_Array: []
    m_Bool:
      m_Array: []
--- !u!73398921 &3351171353802631329
VFXRenderer:
  serializedVersion: 1
  m_ObjectHideFlags: 0
  m_CorrespondingSourceObject: {fileID: 0}
  m_PrefabInstance: {fileID: 0}
  m_PrefabAsset: {fileID: 0}
  m_GameObject: {fileID: 3351171353802631331}
  m_Enabled: 1
  m_CastShadows: 0
  m_ReceiveShadows: 0
  m_DynamicOccludee: 1
  m_StaticShadowCaster: 0
  m_MotionVectors: 0
  m_LightProbeUsage: 0
  m_ReflectionProbeUsage: 0
  m_RayTracingMode: 0
  m_RayTraceProcedural: 0
  m_RenderingLayerMask: 1
  m_RendererPriority: 0
  m_StaticBatchInfo:
    firstSubMesh: 0
    subMeshCount: 0
  m_StaticBatchRoot: {fileID: 0}
  m_ProbeAnchor: {fileID: 0}
  m_LightProbeVolumeOverride: {fileID: 0}
  m_ScaleInLightmap: 1
  m_ReceiveGI: 1
  m_PreserveUVs: 0
  m_IgnoreNormalsForChartDetection: 0
  m_ImportantGI: 0
  m_StitchLightmapSeams: 1
  m_SelectedEditorRenderState: 3
  m_MinimumChartSize: 4
  m_AutoUVMaxDistance: 0.5
  m_AutoUVMaxAngle: 89
  m_LightmapParameters: {fileID: 0}
  m_SortingLayerID: 0
  m_SortingLayer: 0
  m_SortingOrder: 0
--- !u!1001 &3351171353350431041
PrefabInstance:
  m_ObjectHideFlags: 0
  serializedVersion: 2
  m_Modification:
    serializedVersion: 2
    m_TransformParent: {fileID: 3351171353039428539}
    m_Modifications:
    - target: {fileID: -8679921383154817045, guid: 815ccba2fb8bb914ea67887763a79584,
        type: 3}
      propertyPath: m_RootOrder
      value: -1
      objectReference: {fileID: 0}
    - target: {fileID: -8679921383154817045, guid: 815ccba2fb8bb914ea67887763a79584,
        type: 3}
      propertyPath: m_LocalScale.x
      value: 1
      objectReference: {fileID: 0}
    - target: {fileID: -8679921383154817045, guid: 815ccba2fb8bb914ea67887763a79584,
        type: 3}
      propertyPath: m_LocalScale.y
      value: 1
      objectReference: {fileID: 0}
    - target: {fileID: -8679921383154817045, guid: 815ccba2fb8bb914ea67887763a79584,
        type: 3}
      propertyPath: m_LocalScale.z
      value: 1
      objectReference: {fileID: 0}
    - target: {fileID: -8679921383154817045, guid: 815ccba2fb8bb914ea67887763a79584,
        type: 3}
      propertyPath: m_LocalPosition.x
      value: 0
      objectReference: {fileID: 0}
    - target: {fileID: -8679921383154817045, guid: 815ccba2fb8bb914ea67887763a79584,
        type: 3}
      propertyPath: m_LocalPosition.y
      value: 0
      objectReference: {fileID: 0}
    - target: {fileID: -8679921383154817045, guid: 815ccba2fb8bb914ea67887763a79584,
        type: 3}
      propertyPath: m_LocalPosition.z
      value: 0
      objectReference: {fileID: 0}
    - target: {fileID: -8679921383154817045, guid: 815ccba2fb8bb914ea67887763a79584,
        type: 3}
      propertyPath: m_LocalRotation.w
      value: 1
      objectReference: {fileID: 0}
    - target: {fileID: -8679921383154817045, guid: 815ccba2fb8bb914ea67887763a79584,
        type: 3}
      propertyPath: m_LocalRotation.x
      value: 0
      objectReference: {fileID: 0}
    - target: {fileID: -8679921383154817045, guid: 815ccba2fb8bb914ea67887763a79584,
        type: 3}
      propertyPath: m_LocalRotation.y
      value: 0
      objectReference: {fileID: 0}
    - target: {fileID: -8679921383154817045, guid: 815ccba2fb8bb914ea67887763a79584,
        type: 3}
      propertyPath: m_LocalRotation.z
      value: 0
      objectReference: {fileID: 0}
    - target: {fileID: -8679921383154817045, guid: 815ccba2fb8bb914ea67887763a79584,
        type: 3}
      propertyPath: m_LocalEulerAnglesHint.x
      value: 0
      objectReference: {fileID: 0}
    - target: {fileID: -8679921383154817045, guid: 815ccba2fb8bb914ea67887763a79584,
        type: 3}
      propertyPath: m_LocalEulerAnglesHint.y
      value: 0
      objectReference: {fileID: 0}
    - target: {fileID: -8679921383154817045, guid: 815ccba2fb8bb914ea67887763a79584,
        type: 3}
      propertyPath: m_LocalEulerAnglesHint.z
      value: 0
      objectReference: {fileID: 0}
    - target: {fileID: -7511558181221131132, guid: 815ccba2fb8bb914ea67887763a79584,
        type: 3}
      propertyPath: m_Materials.Array.data[0]
      value: 
      objectReference: {fileID: 2100000, guid: 477eb44e8b55c684eb99bff69512a875, type: 2}
    - target: {fileID: -7231516430006121088, guid: 815ccba2fb8bb914ea67887763a79584,
        type: 3}
      propertyPath: m_Materials.Array.data[0]
      value: 
      objectReference: {fileID: 2100000, guid: bc3f9feb270f14e46b42f1942c88a876, type: 2}
    - target: {fileID: 919132149155446097, guid: 815ccba2fb8bb914ea67887763a79584,
        type: 3}
      propertyPath: m_Name
      value: Bomb
      objectReference: {fileID: 0}
    - target: {fileID: 2295041151154972434, guid: 815ccba2fb8bb914ea67887763a79584,
        type: 3}
      propertyPath: m_LocalRotation.w
      value: 0.9337855
      objectReference: {fileID: 0}
    - target: {fileID: 2295041151154972434, guid: 815ccba2fb8bb914ea67887763a79584,
        type: 3}
      propertyPath: m_LocalRotation.x
      value: -0.06440031
      objectReference: {fileID: 0}
    - target: {fileID: 2295041151154972434, guid: 815ccba2fb8bb914ea67887763a79584,
        type: 3}
      propertyPath: m_LocalRotation.y
      value: 0.21696316
      objectReference: {fileID: 0}
    - target: {fileID: 2295041151154972434, guid: 815ccba2fb8bb914ea67887763a79584,
        type: 3}
      propertyPath: m_LocalRotation.z
      value: -0.27717185
      objectReference: {fileID: 0}
    - target: {fileID: 2295041151154972434, guid: 815ccba2fb8bb914ea67887763a79584,
        type: 3}
      propertyPath: m_LocalEulerAnglesHint.y
      value: 26.161
      objectReference: {fileID: 0}
    - target: {fileID: 2295041151154972434, guid: 815ccba2fb8bb914ea67887763a79584,
        type: 3}
      propertyPath: m_LocalEulerAnglesHint.z
      value: -33.065
      objectReference: {fileID: 0}
    - target: {fileID: 5116009960316367182, guid: 815ccba2fb8bb914ea67887763a79584,
        type: 3}
      propertyPath: m_LocalRotation.w
      value: 0.45542642
      objectReference: {fileID: 0}
    - target: {fileID: 5116009960316367182, guid: 815ccba2fb8bb914ea67887763a79584,
        type: 3}
      propertyPath: m_LocalRotation.x
      value: -0.27520534
      objectReference: {fileID: 0}
    - target: {fileID: 5116009960316367182, guid: 815ccba2fb8bb914ea67887763a79584,
        type: 3}
      propertyPath: m_LocalRotation.y
      value: -0.34773946
      objectReference: {fileID: 0}
    - target: {fileID: 5116009960316367182, guid: 815ccba2fb8bb914ea67887763a79584,
        type: 3}
      propertyPath: m_LocalRotation.z
      value: 0.7719625
      objectReference: {fileID: 0}
    - target: {fileID: 5116009960316367182, guid: 815ccba2fb8bb914ea67887763a79584,
        type: 3}
      propertyPath: m_LocalEulerAnglesHint.x
      value: 16.631
      objectReference: {fileID: 0}
    - target: {fileID: 5116009960316367182, guid: 815ccba2fb8bb914ea67887763a79584,
        type: 3}
      propertyPath: m_LocalEulerAnglesHint.y
      value: -50.716
      objectReference: {fileID: 0}
    - target: {fileID: 5116009960316367182, guid: 815ccba2fb8bb914ea67887763a79584,
        type: 3}
      propertyPath: m_LocalEulerAnglesHint.z
      value: 110.997
      objectReference: {fileID: 0}
    m_RemovedComponents: []
    m_AddedGameObjects: []
  m_SourcePrefab: {fileID: 100100000, guid: 815ccba2fb8bb914ea67887763a79584, type: 3}
--- !u!4 &2957591627559306922 stripped
Transform:
  m_CorrespondingSourceObject: {fileID: -8679921383154817045, guid: 815ccba2fb8bb914ea67887763a79584,
    type: 3}
  m_PrefabInstance: {fileID: 3351171353350431041}
  m_PrefabAsset: {fileID: 0}
