%YAML 1.1
%TAG !u! tag:unity3d.com,2011:
--- !u!1 &1592617406871761339
GameObject:
  m_ObjectHideFlags: 0
  m_CorrespondingSourceObject: {fileID: 0}
  m_PrefabInstance: {fileID: 0}
  m_PrefabAsset: {fileID: 0}
  serializedVersion: 6
  m_Component:
  - component: {fileID: 2242582055055826822}
  - component: {fileID: -232645584968463514}
  m_Layer: 0
  m_Name: 2_KNIFE
  m_TagString: Untagged
  m_Icon: {fileID: 0}
  m_NavMeshLayer: 0
  m_StaticEditorFlags: 0
  m_IsActive: 1
--- !u!4 &2242582055055826822
Transform:
  m_ObjectHideFlags: 0
  m_CorrespondingSourceObject: {fileID: 0}
  m_PrefabInstance: {fileID: 0}
  m_PrefabAsset: {fileID: 0}
  m_GameObject: {fileID: 1592617406871761339}
  m_LocalRotation: {x: 0, y: 0, z: 0, w: 1}
  m_LocalPosition: {x: 0, y: 0, z: 0}
  m_LocalScale: {x: 1, y: 1, z: 1}
  m_ConstrainProportionsScale: 0
  m_Children:
  - {fileID: 7390830081994937393}
  - {fileID: 5907666353157615865}
  m_Father: {fileID: 0}
  m_RootOrder: 0
  m_LocalEulerAnglesHint: {x: 0, y: 0, z: 0}
--- !u!114 &-232645584968463514
MonoBehaviour:
  m_ObjectHideFlags: 0
  m_CorrespondingSourceObject: {fileID: 0}
  m_PrefabInstance: {fileID: 0}
  m_PrefabAsset: {fileID: 0}
  m_GameObject: {fileID: 1592617406871761339}
  m_Enabled: 1
  m_EditorHideFlags: 0
  m_Script: {fileID: 11500000, guid: 2299605abd244fdcb6bd7208675c8602, type: 3}
  m_Name: 
  m_EditorClassIdentifier: 
  slashFX: {fileID: 11400000, guid: 4a390e447268f8b459c36ae16cb451a0, type: 2}
--- !u!1 &6693849610955733203
GameObject:
  m_ObjectHideFlags: 0
  m_CorrespondingSourceObject: {fileID: 0}
  m_PrefabInstance: {fileID: 0}
  m_PrefabAsset: {fileID: 0}
  serializedVersion: 6
  m_Component:
  - component: {fileID: 7390830081994937393}
  - component: {fileID: 6206329441628050441}
  - component: {fileID: 8481607156490260382}
  m_Layer: 0
  m_Name: Cube
  m_TagString: Untagged
  m_Icon: {fileID: 0}
  m_NavMeshLayer: 0
  m_StaticEditorFlags: 0
  m_IsActive: 0
--- !u!4 &7390830081994937393
Transform:
  m_ObjectHideFlags: 0
  m_CorrespondingSourceObject: {fileID: 0}
  m_PrefabInstance: {fileID: 0}
  m_PrefabAsset: {fileID: 0}
  m_GameObject: {fileID: 6693849610955733203}
  m_LocalRotation: {x: 0, y: 0, z: 0, w: 1}
  m_LocalPosition: {x: 0, y: 0.3468, z: 0}
  m_LocalScale: {x: 0.02761355, y: 1.6934271, z: 0.21232523}
  m_ConstrainProportionsScale: 0
  m_Children: []
  m_Father: {fileID: 2242582055055826822}
  m_RootOrder: 0
  m_LocalEulerAnglesHint: {x: 0, y: 0, z: 0}
--- !u!33 &6206329441628050441
MeshFilter:
  m_ObjectHideFlags: 0
  m_CorrespondingSourceObject: {fileID: 0}
  m_PrefabInstance: {fileID: 0}
  m_PrefabAsset: {fileID: 0}
  m_GameObject: {fileID: 6693849610955733203}
  m_Mesh: {fileID: 10202, guid: 0000000000000000e000000000000000, type: 0}
--- !u!23 &8481607156490260382
MeshRenderer:
  m_ObjectHideFlags: 0
  m_CorrespondingSourceObject: {fileID: 0}
  m_PrefabInstance: {fileID: 0}
  m_PrefabAsset: {fileID: 0}
  m_GameObject: {fileID: 6693849610955733203}
  m_Enabled: 1
  m_CastShadows: 1
  m_ReceiveShadows: 1
  m_DynamicOccludee: 1
  m_StaticShadowCaster: 0
  m_MotionVectors: 1
  m_LightProbeUsage: 1
  m_ReflectionProbeUsage: 1
  m_RayTracingMode: 2
  m_RayTraceProcedural: 0
  m_RenderingLayerMask: 1
  m_RendererPriority: 0
  m_Materials:
  - {fileID: 2100000, guid: e1b2dafb84a699043aabc486f9fb5dbf, type: 2}
  m_StaticBatchInfo:
    firstSubMesh: 0
    subMeshCount: 0
  m_StaticBatchRoot: {fileID: 0}
  m_ProbeAnchor: {fileID: 0}
  m_LightProbeVolumeOverride: {fileID: 0}
  m_ScaleInLightmap: 1
  m_ReceiveGI: 1
  m_PreserveUVs: 0
  m_IgnoreNormalsForChartDetection: 0
  m_ImportantGI: 0
  m_StitchLightmapSeams: 1
  m_SelectedEditorRenderState: 3
  m_MinimumChartSize: 4
  m_AutoUVMaxDistance: 0.5
  m_AutoUVMaxAngle: 89
  m_LightmapParameters: {fileID: 0}
  m_SortingLayerID: 0
  m_SortingLayer: 0
  m_SortingOrder: 0
  m_AdditionalVertexStreams: {fileID: 0}
--- !u!1001 &4084414513639683024
PrefabInstance:
  m_ObjectHideFlags: 0
  serializedVersion: 2
  m_Modification:
    serializedVersion: 2
    m_TransformParent: {fileID: 2242582055055826822}
    m_Modifications:
    - target: {fileID: 7068732560171178387, guid: 1e47bae6e0fee30408a19b725e60cb48,
        type: 3}
      propertyPath: m_Name
      value: Knife
      objectReference: {fileID: 0}
    - target: {fileID: 7589408024696832809, guid: 1e47bae6e0fee30408a19b725e60cb48,
        type: 3}
      propertyPath: m_RootOrder
      value: 3
      objectReference: {fileID: 0}
    - target: {fileID: 7589408024696832809, guid: 1e47bae6e0fee30408a19b725e60cb48,
        type: 3}
      propertyPath: m_LocalScale.x
      value: 3.587984
      objectReference: {fileID: 0}
    - target: {fileID: 7589408024696832809, guid: 1e47bae6e0fee30408a19b725e60cb48,
        type: 3}
      propertyPath: m_LocalScale.y
      value: 3.587984
      objectReference: {fileID: 0}
    - target: {fileID: 7589408024696832809, guid: 1e47bae6e0fee30408a19b725e60cb48,
        type: 3}
      propertyPath: m_LocalScale.z
      value: 3.587984
      objectReference: {fileID: 0}
    - target: {fileID: 7589408024696832809, guid: 1e47bae6e0fee30408a19b725e60cb48,
        type: 3}
      propertyPath: m_LocalPosition.x
      value: -0.002889
      objectReference: {fileID: 0}
    - target: {fileID: 7589408024696832809, guid: 1e47bae6e0fee30408a19b725e60cb48,
        type: 3}
      propertyPath: m_LocalPosition.y
      value: 0.245
      objectReference: {fileID: 0}
    - target: {fileID: 7589408024696832809, guid: 1e47bae6e0fee30408a19b725e60cb48,
        type: 3}
      propertyPath: m_LocalPosition.z
      value: 0.016196
      objectReference: {fileID: 0}
    - target: {fileID: 7589408024696832809, guid: 1e47bae6e0fee30408a19b725e60cb48,
        type: 3}
      propertyPath: m_LocalRotation.w
      value: 0
      objectReference: {fileID: 0}
    - target: {fileID: 7589408024696832809, guid: 1e47bae6e0fee30408a19b725e60cb48,
        type: 3}
      propertyPath: m_LocalRotation.x
      value: -0
      objectReference: {fileID: 0}
    - target: {fileID: 7589408024696832809, guid: 1e47bae6e0fee30408a19b725e60cb48,
        type: 3}
      propertyPath: m_LocalRotation.y
      value: -0.7071068
      objectReference: {fileID: 0}
    - target: {fileID: 7589408024696832809, guid: 1e47bae6e0fee30408a19b725e60cb48,
        type: 3}
      propertyPath: m_LocalRotation.z
      value: -0.7071068
      objectReference: {fileID: 0}
    - target: {fileID: 7589408024696832809, guid: 1e47bae6e0fee30408a19b725e60cb48,
        type: 3}
      propertyPath: m_LocalEulerAnglesHint.x
      value: -90
      objectReference: {fileID: 0}
    - target: {fileID: 7589408024696832809, guid: 1e47bae6e0fee30408a19b725e60cb48,
        type: 3}
      propertyPath: m_LocalEulerAnglesHint.y
      value: 0
      objectReference: {fileID: 0}
    - target: {fileID: 7589408024696832809, guid: 1e47bae6e0fee30408a19b725e60cb48,
        type: 3}
      propertyPath: m_LocalEulerAnglesHint.z
      value: -180
      objectReference: {fileID: 0}
    m_RemovedComponents: []
    m_AddedGameObjects: []
  m_SourcePrefab: {fileID: 100100000, guid: 1e47bae6e0fee30408a19b725e60cb48, type: 3}
--- !u!4 &5907666353157615865 stripped
Transform:
  m_CorrespondingSourceObject: {fileID: 7589408024696832809, guid: 1e47bae6e0fee30408a19b725e60cb48,
    type: 3}
  m_PrefabInstance: {fileID: 4084414513639683024}
  m_PrefabAsset: {fileID: 0}
